<?xml version="1.0" encoding="UTF-8"?><record xmlns="http://www.loc.gov/MARC21/slim" xmlns:cinclude="http://apache.org/cocoon/include/1.0" xmlns:zs="http://www.loc.gov/zing/srw/">
  <leader>00545nz  a2200145n  4500</leader>
  <controlfield tag="001">no2013067772</controlfield>
  <controlfield tag="003">DLC</controlfield>
  <controlfield tag="005">20130622073558.0</controlfield>
  <controlfield tag="008">130621n| azannaabn          |a ana     c</controlfield>
  <datafield tag="010" ind1=" " ind2=" ">
    <subfield code="a">no2013067772</subfield>
  </datafield>
  <datafield tag="035" ind1=" " ind2=" ">
    <subfield code="a">(OCoLC)oca09502712</subfield>
  </datafield>
  <datafield tag="040" ind1=" " ind2=" ">
    <subfield code="a">InU</subfield>
    <subfield code="b">eng</subfield>
    <subfield code="e">rda</subfield>
    <subfield code="c">InU</subfield>
  </datafield>
  <datafield tag="110" ind1="1" ind2=" ">
    <subfield code="a">Latacunga (Ecuador).</subfield>
    <subfield code="b">Ilustre Concejo Cantonal</subfield>
  </datafield>
  <datafield tag="410" ind1="1" ind2=" ">
    <subfield code="a">Latacunga (Ecuador).</subfield>
    <subfield code="b">Ilustre Concejo Municipal</subfield>
  </datafield>
  <datafield tag="670" ind1=" " ind2=" ">
    <subfield code="a">Presupuesto general para el ejercicio economico de 1.954:</subfield>
    <subfield code="b">cover (Ilustre Concejo Cantonal de Latacunga) p. 1 (El Ilustre Concejo Municipal de Latacunga)</subfield>
  </datafield>
</record>